


@ARTICLE{AlardLupton:98,
   author = {{Alard}, C. and {Lupton}, R.~H.},
    title = "{A Method for Optimal Image Subtraction}",
  journal = {\apj},
   eprint = {astro-ph/9712287},
 keywords = {METHODS: DATA ANALYSIS, METHODS: STATISTICAL, TECHNIQUES: IMAGE PROCESSING, Methods: Data Analysis, Methods: Statistical, Techniques: Image Processing},
     year = 1998,
    month = aug,
   volume = 503,
    pages = {325-331},
      doi = {10.1086/305984},
   adsurl = {http://adsabs.harvard.edu/abs/1998ApJ...503..325A},
  adsnote = {Provided by the SAO/NASA Astrophysics Data System}
}


@ARTICLE{Alcocketal:00,
   author = {{Alcock}, C. and {Allsman}, R.~A. and {Alves}, D.~R. and {Axelrod}, T.~S. and 
	{Becker}, A.~C. and {Bennett}, D.~P. and {Cook}, K.~H. and {Dalal}, N. and 
	{Drake}, A.~J. and {Freeman}, K.~C. and {Geha}, M. and {Griest}, K. and 
	{Lehner}, M.~J. and {Marshall}, S.~L. and {Minniti}, D. and 
	{Nelson}, C.~A. and {Peterson}, B.~A. and {Popowski}, P. and 
	{Pratt}, M.~R. and {Quinn}, P.~J. and {Stubbs}, C.~W. and {Sutherland}, W. and 
	{Tomaney}, A.~B. and {Vandehei}, T. and {Welch}, D.},
    title = "{The MACHO Project: Microlensing Results from 5.7 Years of Large Magellanic Cloud Observations}",
  journal = {\apj},
   eprint = {astro-ph/0001272},
 keywords = {Cosmology: Dark Matter, Galaxy: Halo, Galaxy: Structure, Cosmology: Gravitational Lensing, Stars: Low-Mass, Brown Dwarfs, Stars: White Dwarfs},
     year = 2000,
    month = oct,
   volume = 542,
    pages = {281-307},
      doi = {10.1086/309512},
   adsurl = {http://adsabs.harvard.edu/abs/2000ApJ...542..281A},
  adsnote = {Provided by the SAO/NASA Astrophysics Data System}
}

@ARTICLE{Alcocketal:01,
   author = {{Alcock}, C. and {Allsman}, R.~A. and {Alves}, D.~R. and {Axelrod}, T.~S. and 
	{Becker}, A.~C. and {Bennett}, D.~P. and {Cook}, K.~H. and {Dalal}, N. and 
	{Drake}, A.~J. and {Freeman}, K.~C. and {Geha}, M. and {Griest}, K. and 
	{Lehner}, M.~J. and {Marshall}, S.~L. and {Minniti}, D. and 
	{Nelson}, C.~A. and {Peterson}, B.~A. and {Popowski}, P. and 
	{Pratt}, M.~R. and {Quinn}, P.~J. and {Stubbs}, C.~W. and {Sutherland}, W. and 
	{Tomaney}, A.~B. and {Vandehei}, T. and {Welch}, D.~L.},
    title = "{MACHO Project Limits on Black Hole Dark Matter in the 1-30 M$_{solar}$ Range}",
  journal = {\apjl},
   eprint = {astro-ph/0011506},
 keywords = {Black Hole Physics, Cosmology: Dark Matter, Galaxy: Halo, Galaxy: Structure, Cosmology: Gravitational Lensing},
     year = 2001,
    month = apr,
   volume = 550,
    pages = {L169-L172},
      doi = {10.1086/319636},
   adsurl = {http://adsabs.harvard.edu/abs/2001ApJ...550L.169A},
  adsnote = {Provided by the SAO/NASA Astrophysics Data System}
}


@ARTICLE{BaltzSilk:00,
   author = {{Baltz}, E.~A. and {Silk}, J.},
    title = "{Event Rate and Einstein Time Evaluation in Pixel Microlensing}",
  journal = {\apj},
   eprint = {astro-ph/9901408},
 keywords = {COSMOLOGY: OBSERVATIONS, COSMOLOGY: DARK MATTER, GALAXIES: HALOS, COSMOLOGY: GRAVITATIONAL LENSING, TECHNIQUES: IMAGE PROCESSING},
     year = 2000,
    month = feb,
   volume = 530,
    pages = {578-592},
      doi = {10.1086/308385},
   adsurl = {http://adsabs.harvard.edu/abs/2000ApJ...530..578B},
  adsnote = {Provided by the SAO/NASA Astrophysics Data System}
}


@ARTICLE{Barnackaetal:12,
   author = {{Barnacka}, A. and {Glicenstein}, J.-F. and {Moderski}, R.},
    title = "{New constraints on primordial black holes abundance from femtolensing of gamma-ray bursts}",
  journal = {\prd},
archivePrefix = "arXiv",
   eprint = {1204.2056},
 keywords = {gamma-ray sources, gamma-ray bursts, Elementary particle processes, Relativity and gravitation, Observational cosmology},
     year = 2012,
    month = aug,
   volume = 86,
   number = 4,
      eid = {043001},
    pages = {043001},
      doi = {10.1103/PhysRevD.86.043001},
   adsurl = {http://adsabs.harvard.edu/abs/2012PhRvD..86d3001B},
  adsnote = {Provided by the SAO/NASA Astrophysics Data System}
}

@ARTICLE{CaldwellCoulson:86,
   author = {{Caldwell}, J.~A.~R. and {Coulson}, I.~M.},
    title = "{The geometry and distance of the Magellanic Clouds from Cepheid variables}",
  journal = {\mnras},
 keywords = {Astrometry, Cepheid Variables, Galactic Structure, Magellanic Clouds, Metallicity, Stellar Spectrophotometry, Astronomical Models, Distance, H Ii Regions, Stellar Color, Stellar Luminosity},
     year = 1986,
    month = jan,
   volume = 218,
    pages = {223-246},
      doi = {10.1093/mnras/218.2.223},
   adsurl = {http://adsabs.harvard.edu/abs/1986MNRAS.218..223C},
  adsnote = {Provided by the SAO/NASA Astrophysics Data System}
}



@ARTICLE{Capelaetal:13a,
   author = {{Capela}, F. and {Pshirkov}, M. and {Tinyakov}, P.},
    title = "{Constraints on primordial black holes as dark matter candidates from star formation}",
  journal = {\prd},
archivePrefix = "arXiv",
   eprint = {1209.6021},
 primaryClass = "astro-ph.CO",
 keywords = {Dark matter},
     year = 2013,
    month = jan,
   volume = 87,
   number = 2,
      eid = {023507},
    pages = {023507},
      doi = {10.1103/PhysRevD.87.023507},
   adsurl = {http://adsabs.harvard.edu/abs/2013PhRvD..87b3507C},
  adsnote = {Provided by the SAO/NASA Astrophysics Data System}
}


@ARTICLE{Capelaetal:13b,
   author = {{Capela}, F. and {Pshirkov}, M. and {Tinyakov}, P.},
    title = "{Constraints on primordial black holes as dark matter candidates from capture by neutron stars}",
  journal = {\prd},
archivePrefix = "arXiv",
   eprint = {1301.4984},
 primaryClass = "astro-ph.CO",
 keywords = {Dark matter, Classical black holes},
     year = 2013,
    month = jun,
   volume = 87,
   number = 12,
      eid = {123524},
    pages = {123524},
      doi = {10.1103/PhysRevD.87.123524},
   adsurl = {http://adsabs.harvard.edu/abs/2013PhRvD..87l3524C},
  adsnote = {Provided by the SAO/NASA Astrophysics Data System}
}



@ARTICLE{Carretal:10,
   author = {{Carr}, B.~J. and {Kohri}, K. and {Sendouda}, Y. and {Yokoyama}, J.
	},
    title = "{New cosmological constraints on primordial black holes}",
  journal = {\prd},
archivePrefix = "arXiv",
   eprint = {0912.5297},
 primaryClass = "astro-ph.CO",
 keywords = {Quantum aspects of black holes evaporation thermodynamics, Dark matter, Black holes, Particle-theory and field-theory models of the early Universe},
     year = 2010,
    month = may,
   volume = 81,
   number = 10,
      eid = {104019},
    pages = {104019},
      doi = {10.1103/PhysRevD.81.104019},
   adsurl = {http://adsabs.harvard.edu/abs/2010PhRvD..81j4019C},
  adsnote = {Provided by the SAO/NASA Astrophysics Data System}
}



@ARTICLE{deJongetal;06,
   author = {{de Jong}, J.~T.~A. and {Widrow}, L.~M. and {Cseresnjes}, P. and 
	{Kuijken}, K. and {Crotts}, A.~P.~S. and {Bergier}, A. and {Baltz}, E.~A. and 
	{Gyuk}, G. and {Sackett}, P.~D. and {Uglesich}, R.~R. and {Sutherland}, W.~J.
	},
    title = "{MACHOs in M 31? Absence of evidence but not evidence of absence}",
  journal = {\aap},
   eprint = {astro-ph/0507286},
 keywords = {gravitational lensing, dark matter, galaxies: individual: M 31},
     year = 2006,
    month = feb,
   volume = 446,
    pages = {855-875},
      doi = {10.1051/0004-6361:20053812},
   adsurl = {http://adsabs.harvard.edu/abs/2006A%26A...446..855D},
  adsnote = {Provided by the SAO/NASA Astrophysics Data System}
}


@ARTICLE{Demersetal:03,
   author = {{Demers}, S. and {Battinelli}, P. and {Letarte}, B.},
    title = "{Carbon Star Survey in the Local Group. VI. The Dwarf Spheroidal Galaxy NGC 205}",
  journal = {\aj},
 keywords = {Galaxies: Individual: NGC Number: NGC 205, Galaxies: Stellar Content, Galaxies: Structure, Stars: Carbon},
     year = 2003,
    month = jun,
   volume = 125,
    pages = {3037-3045},
      doi = {10.1086/375309},
   adsurl = {http://adsabs.harvard.edu/abs/2003AJ....125.3037D},
  adsnote = {Provided by the SAO/NASA Astrophysics Data System}
}

@ARTICLE{Geehanetal:06,
   author = {{Geehan}, J.~J. and {Fardal}, M.~A. and {Babul}, A. and {Guhathakurta}, P.
	},
    title = "{Investigating the Andromeda stream - I. Simple analytic bulge-disc-halo model for M31}",
  journal = {\mnras},
   eprint = {astro-ph/0501240},
 keywords = {galaxies: individual: M31, galaxies: kinematics and dynamics},
     year = 2006,
    month = mar,
   volume = 366,
    pages = {996-1011},
      doi = {10.1111/j.1365-2966.2005.09863.x},
   adsurl = {http://adsabs.harvard.edu/abs/2006MNRAS.366..996G},
  adsnote = {Provided by the SAO/NASA Astrophysics Data System}
}

@ARTICLE{Gould:96,
   author = {{Gould}, A.},
    title = "{Theory of Pixel Lensing}",
  journal = {\apj},
   eprint = {astro-ph/9509009},
 keywords = {COSMOLOGY: GRAVITATIONAL LENSING, STARS: FUNDAMENTAL PARAMETERS, TECHNIQUES: PHOTOMETRIC},
     year = 1996,
    month = oct,
   volume = 470,
    pages = {201},
      doi = {10.1086/177861},
   adsurl = {http://adsabs.harvard.edu/abs/1996ApJ...470..201G},
  adsnote = {Provided by the SAO/NASA Astrophysics Data System}
}

@ARTICLE{Griestetal:91,
   author = {{Griest}, K. and {Alcock}, C. and {Axelrod}, T.~S. and {Bennett}, D.~P. and 
	{Cook}, K.~H. and {Freeman}, K.~C. and {Park}, H.-S. and {Perlmutter}, S. and 
	{Peterson}, B.~A. and {Quinn}, P.~J. and {Rodgers}, A.~W. and 
	{Stubbs}, C.~W. and {MACHO Collaboration}},
    title = "{Gravitational microlensing as a method of detecting disk dark matter and faint disk stars}",
  journal = {\apjl},
 keywords = {Dark Matter, Galactic Structure, Gravitational Lenses, Stellar Mass, Binary Stars, Optical Thickness},
     year = 1991,
    month = may,
   volume = 372,
    pages = {L79-L82},
      doi = {10.1086/186028},
   adsurl = {http://adsabs.harvard.edu/abs/1991ApJ...372L..79G},
  adsnote = {Provided by the SAO/NASA Astrophysics Data System}
}



@ARTICLE{Griestetal:14,
   author = {{Griest}, K. and {Cieplak}, A.~M. and {Lehner}, M.~J.},
    title = "{Experimental Limits on Primordial Black Hole Dark Matter from the First 2 yr of Kepler Data}",
  journal = {\apj},
archivePrefix = "arXiv",
   eprint = {1307.5798},
 keywords = {dark matter, gravitational lensing: micro, stars: black holes},
     year = 2014,
    month = may,
   volume = 786,
      eid = {158},
    pages = {158},
      doi = {10.1088/0004-637X/786/2/158},
   adsurl = {http://adsabs.harvard.edu/abs/2014ApJ...786..158G},
  adsnote = {Provided by the SAO/NASA Astrophysics Data System}
}


@ARTICLE{Hawking:74,
   author = {{Hawking}, S.~W.},
    title = "{Black hole explosions?}",
  journal = {\nat},
     year = 1974,
    month = mar,
   volume = 248,
    pages = {30-31},
      doi = {10.1038/248030a0},
   adsurl = {http://adsabs.harvard.edu/abs/1974Natur.248...30H},
  adsnote = {Provided by the SAO/NASA Astrophysics Data System}
}


@ARTICLE{HenryNewsom:96,
   author = {{Henry}, G.~W. and {Newsom}, M.~S.},
    title = "{A Search for Optical Flares in Chromospherically Active Stars}",
  journal = {\pasp},
 keywords = {STARS: CHROMOSPHERES, STARS: FLARE},
     year = 1996,
    month = mar,
   volume = 108,
    pages = {242},
      doi = {10.1086/133716},
   adsurl = {http://adsabs.harvard.edu/abs/1996PASP..108..242H},
  adsnote = {Provided by the SAO/NASA Astrophysics Data System}
}



@ARTICLE{Klypinetal:02,
   author = {{Klypin}, A. and {Zhao}, H. and {Somerville}, R.~S.},
    title = "{{$\Lambda$}CDM-based Models for the Milky Way and M31. I. Dynamical Models}",
  journal = {\apj},
   eprint = {astro-ph/0110390},
 keywords = {Cosmology: Theory, Galaxies: Individual: Messier Number: M31, Galaxy: Structure},
     year = 2002,
    month = jul,
   volume = 573,
    pages = {597-613},
      doi = {10.1086/340656},
   adsurl = {http://adsabs.harvard.edu/abs/2002ApJ...573..597K},
  adsnote = {Provided by the SAO/NASA Astrophysics Data System}
}



@ARTICLE{Kodricetal:13,
   author = {{Kodric}, M. and {Riffeser}, A. and {Hopp}, U. and {Seitz}, S. and 
	{Koppenhoefer}, J. and {Bender}, R. and {Goessl}, C. and {Snigula}, J. and 
	{Lee}, C.-H. and {Ngeow}, C.-C. and {Chambers}, K.~C. and {Magnier}, E.~A. and 
	{Price}, P.~A. and {Burgett}, W.~S. and {Hodapp}, K.~W. and 
	{Kaiser}, N. and {Kudritzki}, R.-P.},
    title = "{Properties of M31. II. A Cepheid Disk Sample Derived from the First Year of PS1 PAndromeda Data}",
  journal = {\aj},
archivePrefix = "arXiv",
   eprint = {1301.6170},
 primaryClass = "astro-ph.CO",
 keywords = {catalogs, distance scale, galaxies: individual: M31 NGC 224, galaxies: star formation, Local Group, stars: variables: Cepheids},
     year = 2013,
    month = apr,
   volume = 145,
      eid = {106},
    pages = {106},
      doi = {10.1088/0004-6256/145/4/106},
   adsurl = {http://adsabs.harvard.edu/abs/2013AJ....145..106K},
  adsnote = {Provided by the SAO/NASA Astrophysics Data System}
}

@ARTICLE{Kouvarisetal:11,
   author = {{Kouvaris}, C. and {Tinyakov}, P.},
    title = "{Constraining asymmetric dark matter through observations of compact stars}",
  journal = {\prd},
archivePrefix = "arXiv",
   eprint = {1012.2039},
 primaryClass = "astro-ph.HE",
 keywords = {Dark matter, Neutron stars},
     year = 2011,
    month = apr,
   volume = 83,
   number = 8,
      eid = {083512},
    pages = {083512},
      doi = {10.1103/PhysRevD.83.083512},
   adsurl = {http://adsabs.harvard.edu/abs/2011PhRvD..83h3512K},
  adsnote = {Provided by the SAO/NASA Astrophysics Data System}
}

@ARTICLE{KouvarisTinyakov:11,
   author = {{Kouvaris}, C. and {Tinyakov}, P.},
    title = "{Excluding Light Asymmetric Bosonic Dark Matter}",
  journal = {Physical Review Letters},
archivePrefix = "arXiv",
   eprint = {1104.0382},
 primaryClass = "astro-ph.CO",
 keywords = {Dark matter, Other particles, Neutron stars},
     year = 2011,
    month = aug,
   volume = 107,
   number = 9,
      eid = {091301},
    pages = {091301},
      doi = {10.1103/PhysRevLett.107.091301},
   adsurl = {http://adsabs.harvard.edu/abs/2011PhRvL.107i1301K},
  adsnote = {Provided by the SAO/NASA Astrophysics Data System}
}


@ARTICLE{Kouvaris:12,
   author = {{Kouvaris}, C.},
    title = "{Limits on Self-Interacting Dark Matter from Neutron Stars}",
  journal = {Physical Review Letters},
archivePrefix = "arXiv",
   eprint = {1111.4364},
 keywords = {Dark matter, Neutron stars},
     year = 2012,
    month = may,
   volume = 108,
   number = 19,
      eid = {191301},
    pages = {191301},
      doi = {10.1103/PhysRevLett.108.191301},
   adsurl = {http://adsabs.harvard.edu/abs/2012PhRvL.108s1301K},
  adsnote = {Provided by the SAO/NASA Astrophysics Data System}
}

@ARTICLE{Kurucz:93,
   author = {{Kurucz}, R.~L.},
    title = "{VizieR Online Data Catalog: Model Atmospheres (Kurucz, 1979)}",
  journal = {VizieR Online Data Catalog},
 keywords = {Models: atmosphere},
     year = 1993,
    month = oct,
   volume = 6039,
   adsurl = {http://adsabs.harvard.edu/abs/1993yCat.6039....0K},
  adsnote = {Provided by the SAO/NASA Astrophysics Data System}
}

@ARTICLE{Lacyetal:76,
   author = {{Lacy}, C.~H. and {Moffett}, T.~J. and {Evans}, D.~S.},
    title = "{UV Ceti stars - Statistical analysis of observational data}",
  journal = {\apjs},
 keywords = {Light Curve, Stellar Spectrophotometry, Ubv Spectra, Variable Stars, Statistical Analysis, Stellar Luminosity, Stellar Spectra},
     year = 1976,
    month = jan,
   volume = 30,
    pages = {85-96},
      doi = {10.1086/190358},
   adsurl = {http://adsabs.harvard.edu/abs/1976ApJS...30...85L},
  adsnote = {Provided by the SAO/NASA Astrophysics Data System}
}
 
@ARTICLE{MamonSoneira:82,
   author = {{Mamon}, G.~A. and {Soneira}, R.~M.},
    title = "{Stellar luminosity functions in the R, I, J, and K bands obtained by transformation from the visual band}",
  journal = {\apj},
 keywords = {Infrared Spectra, Spectral Bands, Stellar Luminosity, Stellar Spectrophotometry, Visible Spectrum, Main Sequence Stars, Supergiant Stars, White Dwarf Stars},
     year = 1982,
    month = apr,
   volume = 255,
    pages = {181-190},
      doi = {10.1086/159816},
   adsurl = {http://adsabs.harvard.edu/abs/1982ApJ...255..181M},
  adsnote = {Provided by the SAO/NASA Astrophysics Data System}
}
 
@ARTICLE{Moffett:74,
   author = {{Moffett}, T.~J.},
    title = "{UV Ceti flare stars - Observational data}",
  journal = {\apjs},
 keywords = {Astronomical Catalogs, Stellar Mass Ejection, Stellar Spectrophotometry, Variable Stars, Astronomical Photometry, Data Reduction, Error Analysis, Flares, Tables (Data)},
     year = 1974,
    month = dec,
   volume = 29,
    pages = {1-42},
      doi = {10.1086/190330},
   adsurl = {http://adsabs.harvard.edu/abs/1974ApJS...29....1M},
  adsnote = {Provided by the SAO/NASA Astrophysics Data System}
}

@ARTICLE{NestiSalucci:13,
   author = {{Nesti}, F. and {Salucci}, P.},
    title = "{The Dark Matter halo of the Milky Way, AD 2013}",
  journal = {\jcap},
archivePrefix = "arXiv",
   eprint = {1304.5127},
     year = 2013,
    month = jul,
   volume = 7,
      eid = {016},
    pages = {016},
      doi = {10.1088/1475-7516/2013/07/016},
   adsurl = {http://adsabs.harvard.edu/abs/2013JCAP...07..016N},
  adsnote = {Provided by the SAO/NASA Astrophysics Data System}
}

@ARTICLE{Paczynski:86,
   author = {{Paczy${\rm \acute{n}}$ski}, B.},
    title = "{Gravitational microlensing by the galactic halo}",
  journal = {\apj},
 keywords = {Gravitational Lenses, Halos, Milky Way Galaxy, Optical Thickness, Point Sources, Stellar Gravitation, Variable Stars},
     year = 1986,
    month = may,
   volume = 304,
    pages = {1-5},
      doi = {10.1086/164140},
   adsurl = {http://adsabs.harvard.edu/abs/1986ApJ...304....1P},
  adsnote = {Provided by the SAO/NASA Astrophysics Data System}
}

@ARTICLE{PageHawking:76,
   author = {{Page}, D.~N. and {Hawking}, S.~W.},
    title = "{Gamma rays from primordial black holes}",
  journal = {\apj},
 keywords = {Black Holes (Astronomy), Gamma Rays, High Energy Interactions, Particle Emission, Radiant Flux Density, Diffuse Radiation, Quantum Theory, Relativistic Theory, Stellar Mass, Universe},
     year = 1976,
    month = may,
   volume = 206,
    pages = {1-7},
      doi = {10.1086/154350},
   adsurl = {http://adsabs.harvard.edu/abs/1976ApJ...206....1P},
  adsnote = {Provided by the SAO/NASA Astrophysics Data System}
}


@ARTICLE{Riffeseretal:06,
   author = {{Riffeser}, A. and {Fliri}, J. and {Seitz}, S. and {Bender}, R.
	},
    title = "{Microlensing toward Crowded Fields: Theory and Applications to M31}",
  journal = {\apjs},
   eprint = {astro-ph/0510723},
 keywords = {Cosmology: Dark Matter, Galaxies: Halos, Galaxies: Individual: Messier Number: M31, Cosmology: Gravitational Lensing, Galaxies: Local Group},
     year = 2006,
    month = apr,
   volume = 163,
    pages = {225-269},
      doi = {10.1086/500010},
   adsurl = {http://adsabs.harvard.edu/abs/2006ApJS..163..225R},
  adsnote = {Provided by the SAO/NASA Astrophysics Data System}
}

@ARTICLE{Riffeseretal:08,
   author = {{Riffeser}, A. and {Seitz}, S. and {Bender}, R.},
    title = "{The M31 Microlensing Event WeCAPP-GL1/POINT-AGAPE-S3: Evidence for a MACHO Component in the Dark Halo of M31?}",
  journal = {\apj},
archivePrefix = "arXiv",
   eprint = {0805.0137},
 keywords = {Cosmology: Dark Matter, Galaxies: Halos, Galaxies: Individual: Messier Number: M31, Galaxies: Individual: NGC Number: NGC 224, Galaxies: Luminosity Function, Mass Function, Galaxy: Halo, Cosmology: Gravitational Lensing},
     year = 2008,
    month = sep,
   volume = 684,
    pages = {1093-1109},
      doi = {10.1086/590072},
   adsurl = {http://adsabs.harvard.edu/abs/2008ApJ...684.1093R},
  adsnote = {Provided by the SAO/NASA Astrophysics Data System}
}


@ARTICLE Sreekumaretal:98,
   author = {{Sreekumar}, P. and {Bertsch}, D.~L. and {Dingus}, B.~L. and 
	{Esposito}, J.~A. and {Fichtel}, C.~E. and {Hartman}, R.~C. and 
	{Hunter}, S.~D. and {Kanbach}, G. and {Kniffen}, D.~A. and {Lin}, Y.~C. and 
	{Mayer-Hasselwander}, H.~A. and {Michelson}, P.~F. and {von Montigny}, C. and 
	{M{\"u}cke}, A. and {Mukherjee}, R. and {Nolan}, P.~L. and {Pohl}, M. and 
	{Reimer}, O. and {Schneid}, E. and {Stacy}, J.~G. and {Stecker}, F.~W. and 
	{Thompson}, D.~J. and {Willis}, T.~D.},
    title = "{EGRET Observations of the Extragalactic Gamma-Ray Emission}",
  journal = {\apj},
   eprint = {astro-ph/9709257},
 keywords = {COSMOLOGY: DIFFUSE RADIATION, GAMMA RAYS: OBSERVATIONS, SURVEYS, Cosmology: Diffuse Radiation, Gamma Rays: Observations, Surveys},
     year = 1998,
    month = feb,
   volume = 494,
    pages = {523-534},
      doi = {10.1086/305222},
   adsurl = {http://adsabs.harvard.edu/abs/1998ApJ...494..523S},
  adsnote = {Provided by the SAO/NASA Astrophysics Data System}
}

@ARTICLE{Sumietal:03,
   author = {{Sumi}, T. and {Abe}, F. and {Bond}, I.~A. and {Dodd}, R.~J. and 
	{Hearnshaw}, J.~B. and {Honda}, M. and {Honma}, M. and {Kan-ya}, Y. and 
	{Kilmartin}, P.~M. and {Masuda}, K. and {Matsubara}, Y. and 
	{Muraki}, Y. and {Nakamura}, T. and {Nishi}, R. and {Noda}, S. and 
	{Ohnishi}, K. and {Petterson}, O.~K.~L. and {Rattenbury}, N.~J. and 
	{Reid}, M. and {Saito}, T. and {Saito}, Y. and {Sato}, H. and 
	{Sekiguchi}, M. and {Skuljan}, J. and {Sullivan}, D.~J. and 
	{Takeuti}, M. and {Tristram}, P.~J. and {Wilkinson}, S. and 
	{Yanagisawa}, T. and {Yock}, P.~C.~M.},
    title = "{Microlensing Optical Depth toward the Galactic Bulge from Microlensing Observations in Astrophysics Group Observations during 2000 with Difference Image Analysis}",
  journal = {\apj},
   eprint = {astro-ph/0207604},
 keywords = {Cosmology: Dark Matter, Galaxy: Halo, Cosmology: Gravitational Lensing},
     year = 2003,
    month = jul,
   volume = 591,
    pages = {204-227},
      doi = {10.1086/375212},
   adsurl = {http://adsabs.harvard.edu/abs/2003ApJ...591..204S},
  adsnote = {Provided by the SAO/NASA Astrophysics Data System}
}

@ARTICLE{TashiroSugiyama:08,
   author = {{Tashiro}, H. and {Sugiyama}, N.},
    title = "{Constraints on primordial black holes by distortions of the cosmic microwave background}",
  journal = {\prd},
archivePrefix = "arXiv",
   eprint = {0801.3172},
 keywords = {Background radiations, Particle-theory and field-theory models of the early Universe},
     year = 2008,
    month = jul,
   volume = 78,
   number = 2,
      eid = {023004},
    pages = {023004},
      doi = {10.1103/PhysRevD.78.023004},
   adsurl = {http://adsabs.harvard.edu/abs/2008PhRvD..78b3004T},
  adsnote = {Provided by the SAO/NASA Astrophysics Data System}
}

@ARTICLE{WalterbosKennicutt:88,
   author = {{Walterbos}, R.~A.~M. and {Kennicutt}, Jr., R.~C.},
    title = "{An optical study of stars and dust in the Andromeda galaxy}",
  journal = {\aap},
 keywords = {Andromeda Galaxy, Astronomical Photometry, Cosmic Dust, Galactic Structure, Interstellar Extinction, Interstellar Gas, Photographic Plates},
     year = 1988,
    month = jun,
   volume = 198,
    pages = {61-86},
   adsurl = {http://adsabs.harvard.edu/abs/1988A%26A...198...61W},
  adsnote = {Provided by the SAO/NASA Astrophysics Data System}
}




